
@manual{Bubble,
	author={Wikipedia},
	title={Bubble Sort},
	month=Nov,
	year=2015
}

@manual{Selection,
	author={Wikipedia},
	title={Selection Sort},
	month=Nov,
	year=2015
}

@manual{Insertion,
	author={Wikipedia},
	title={Insertion Sort},
	month=Nov,
	year=2015
}

@manual{Shake,
	author={Wikipedia},
	title={Shake Sort},
	month=Nov,
	year=2015
}

@manual{Shell,
	author={Wikipedia},
	title={Shell Sort},
	month=Nov,
	year=2015
}

@manual{Quick,
	author={Wikipedia},
	title={Quick Sort},
	month=Nov,
	year=2015
}

@manual{Heap,
	author={Wikipedia},
	title={Heap Sort},
	month=Nov,
	year=2015
}

@manual{Merge,
	author={Wikipedia},
	title={Merge Sort},
	month=Nov,
	year=2015
}

@manual{Heapp,
	author={Paulo Feofillof},
	title={Heap Sort},
	note={Disponível em \url{http://www.ime.usp.br/~pf/algoritmos/aulas/hpsrt.html}}
}


@manual{Algoritmos,
	author={Paulo Feofillof},
	title={Algoritmos Elementares de ordenação},
	note={Disponível em \url{http://www.ime.usp.br/~pf/algoritmos/aulas/ordena.html}}
}

@manual{Analisee,
	author={none},
	title={Análise de algoritmos},
	note={Disponível em \url{http://www.inf.ufsc.br/~awangenh/Analise/Exercicio-Ordena.html}}
}


@manual{Analise,
	author={none},
	title={Análise do algoritmo quick sort},
	note={Disponível em \url{http://www-usr.inf.ufsm.br/~vconrado/elc118/t1/analise.php}}
}


@manual{Analiseee,
	author={Jairo Francisco de Souza},
	title={Quick Sort},
	note={Disponível em \url{http://www.ufjf.br/jairo_souza/files/2009/12/2-Ordenacao-QuickSort.pdf}}
}

@manual{Quicksortt,
	author={none},
	title={Quick sort},
	note={Disponível em \url{http://homepages.dcc.ufmg.br/~cunha/teaching/20121/aeds2/quicksort.pdf}}
}

@manual{Algoritmoss,
	author={André Ricardo Gonçalves,Luis Gustavo Andrade dos Santos, Paulo Roberto Silla},
	title={Algoritmos de ordenação},
	note={Disponível em \url{http://www-users.cs.umn.edu/~andre/arquivos/Algoritmos_de_ordenacao.pdf}}
}

@manual{Shelll,
	author={none},
	title={Shell Sort},
	note={Disponível em \url{http://homepages.dcc.ufmg.br/~cunha/teaching/20121/aeds2/shellsort.pdf}}
}


@manual{Rank,
	author={none},
	title={Rank Sort},
	note={Disponível em \url{https://www.cs.usfca.edu/~galles/visualization/CountingSort.html}}

}

@manual{Radix,
	author={none},
	title={Radix Sort},
	note={Disponível em \url{https://www.cs.auckland.ac.nz/software/AlgAnim/radixsort.html}}

}	
