
@manual{crs,
	author={Susan Blackford},
	title={Compressed Row Storage},
	month=nov,
	year=2000
}

@manual{sparse,
	author={Wikipedia},
	title={Sparse Matrix},
	month=sep,
	year=2015
}

@manual{sparseGauss,
	author={Xiaoye S. Li},
	title={Sparse Gaussian Elimination on High Performance Computers},
	year=1996
}
